<record><leader>00000cas a2200000 a 4500</leader><controlfield tag="001">11521098</controlfield><controlfield tag="008">841221d18401848ohudn ne      0    0eng c</controlfield><datafield ind1=" " ind2=" " tag="010"><subfield code="a">sn 84028689 </subfield></datafield><datafield ind1=" " ind2=" " tag="040"><subfield code="a">NPY</subfield><subfield code="b">eng</subfield><subfield code="c">NPY</subfield><subfield code="d">NPX</subfield><subfield code="d">DLC</subfield><subfield code="d">PPM</subfield><subfield code="d">YOX</subfield><subfield code="d">NPI</subfield><subfield code="d">ONP</subfield><subfield code="d">NVF</subfield><subfield code="d">ONP</subfield><subfield code="d">NVF</subfield><subfield code="d">OCL</subfield><subfield code="d">KRTAS</subfield><subfield code="d">DLC</subfield><subfield code="d">OCLCQ</subfield><subfield code="d">OCLCF</subfield></datafield><datafield ind1="1" ind2=" " tag="029"><subfield code="a">AU@</subfield><subfield code="b">000004321147</subfield></datafield><datafield ind1=" " ind2=" " tag="042"><subfield code="a">pcc</subfield></datafield><datafield ind1=" " ind2=" " tag="043"><subfield code="a">n-us-oh</subfield></datafield><datafield ind1="0" ind2="0" tag="050"><subfield code="a">Newspaper</subfield></datafield><datafield ind1="0" ind2="0" tag="245"><subfield code="a">Daily Cincinnati chronicle.</subfield></datafield><datafield ind1="1" ind2="3" tag="246"><subfield code="a">Daily Cincinnati morning chronicle</subfield><subfield code="f">Feb. 28-Mar. 7, 1848</subfield></datafield><datafield ind1="1" ind2="3" tag="246"><subfield code="a">Cincinnati chronicle</subfield></datafield><datafield ind1="1" ind2="3" tag="246"><subfield code="a">Cincinnati daily chronicle</subfield></datafield><datafield ind1=" " ind2=" " tag="260"><subfield code="a">Cincinnati [Ohio] :</subfield><subfield code="b">A. Pugh,</subfield><subfield code="c">1840-1848.</subfield></datafield><datafield ind1=" " ind2=" " tag="300"><subfield code="a">v.</subfield></datafield><datafield ind1=" " ind2=" " tag="310"><subfield code="a">Daily (except Sunday)</subfield></datafield><datafield ind1="0" ind2=" " tag="362"><subfield code="a">Vol. 1, no. 263 (Oct. 8, 1840)-v. 11, no. 2553 (Mar. 7, 1848).</subfield></datafield><datafield ind1=" " ind2=" " tag="515"><subfield code="a">Vol. 5, no. 1348 (Mar. 18, 1844) misdated Mar. 81.</subfield></datafield><datafield ind1=" " ind2=" " tag="530"><subfield code="a">Also issued on microfilm from the New York Public Library.</subfield></datafield><datafield ind1=" " ind2=" " tag="580"><subfield code="a">Weekly eds.: Cincinnati chronicle, 1840-1847, and: Dollar weekly Cincinnati chronicle, 1847-1848.</subfield></datafield><datafield ind1=" " ind2="0" tag="651"><subfield code="a">Cincinnati (Ohio)</subfield><subfield code="v">Newspapers.</subfield></datafield><datafield ind1=" " ind2="0" tag="651"><subfield code="a">Hamilton County (Ohio)</subfield><subfield code="v">Newspapers.</subfield></datafield><datafield ind1=" " ind2="7" tag="655"><subfield code="a">Newspapers.</subfield><subfield code="2">fast</subfield><subfield code="0">(OCoLC)fst01423814</subfield></datafield><datafield ind1=" " ind2="7" tag="651"><subfield code="a">Ohio</subfield><subfield code="z">Cincinnati.</subfield><subfield code="2">fast</subfield><subfield code="0">(OCoLC)fst01205142</subfield></datafield><datafield ind1=" " ind2="7" tag="651"><subfield code="a">Ohio</subfield><subfield code="z">Hamilton County.</subfield><subfield code="2">fast</subfield><subfield code="0">(OCoLC)fst01205597</subfield></datafield><datafield ind1=" " ind2=" " tag="752"><subfield code="a">United States</subfield><subfield code="b">Ohio</subfield><subfield code="c">Hamilton</subfield><subfield code="d">Cincinnati.</subfield></datafield><datafield ind1="1" ind2=" " tag="775"><subfield code="t">Cincinnati chronicle</subfield><subfield code="w">(DLC)sn 84024973</subfield><subfield code="w">(OCoLC)11332742</subfield></datafield><datafield ind1="1" ind2=" " tag="775"><subfield code="t">Dollar weekly Cincinnati chronicle</subfield><subfield code="w">(DLC)sn 84024976</subfield><subfield code="w">(OCoLC)11337328</subfield></datafield><datafield ind1="0" ind2="0" tag="780"><subfield code="t">Daily chronicle (Cincinnati, Ohio)</subfield><subfield code="w">(DLC)sn 85042245</subfield><subfield code="w">(OCoLC)11989973</subfield></datafield><datafield ind1="0" ind2="0" tag="785"><subfield code="t">Cincinnati morning chronicle</subfield><subfield code="w">(DLC)sn 85042246</subfield><subfield code="w">(OCoLC)11991433</subfield></datafield><datafield ind1=" " ind2=" " tag="938"><subfield code="a">Kirtas Technologies, Inc.</subfield><subfield code="b">KRTS</subfield><subfield code="n">738941</subfield></datafield></record>